@ARTICLE{8999605,  
    author={F. {Liu} and C. {Masouros} and A. P. {Petropulu} and H. {Griffiths} and L. {Hanzo}},  
    journal={IEEE Transactions on Communications},   
    title={Joint Radar and Communication Design: Applications, State-of-the-Art, and the Road Ahead},   
    year={2020},  
    volume={68},  
    number={6},  
    pages={3834-3862},  
    doi={10.1109/TCOMM.2020.2973976}
}

@ARTICLE{9201513,  
    author={F. {Liu} and C. {Masouros}},  
    journal={IEEE Communications Letters},   
    title={A Tutorial on Joint Radar and Communication Transmission for Vehicular Networks—Part I: Background and Fundamentals},   
    year={2021},  
    volume={25},  
    number={2},  
    pages={322-326},  
    doi={10.1109/LCOMM.2020.3025310}
}

@ARTICLE{9200993,  
    author={C. {Xu} and B. {Clerckx} and J. {Zhang}},  
    journal={IEEE Access},   
    title={Multi-Antenna Joint Radar and Communications: Precoder Optimization and Weighted Sum-Rate vs Probing Power Tradeoff},   
    year={2020},  
    volume={8},  
    number={},  
    pages={173974-173982},  
    doi={10.1109/ACCESS.2020.3025156}
}

@ARTICLE{liu2020reconfigurable,
    author={Y. {Liu} and X. {Liu} and X. {Mu} and T. {Hou} and J. {Xu} and Z. {Qin} and M. R. {Di} and N. {Al-Dhahir}},
    journal={arXiv preprint arXiv:2007.03435},
    title={Reconfigurable intelligent surfaces: Principles and opportunities},
    year={2020}
}

@INPROCEEDINGS{5199574,  
    author={S. S. {Christensen} and R. {Agarwal} and E. {de Carvalho} and J. M. {Cioffi}},  
    booktitle={2009 IEEE International Conference on Communications},   
    title={Weighted Sum-Rate Maximization Using Weighted MMSE for MIMO-BC Beamforming Design},   
    year={2009},  
    volume={},  
    number={},  
    pages={1-6},  
    doi={10.1109/ICC.2009.5199574}
}

@ARTICLE{8314727,  
    author={K. {Shen} and W. {Yu}},  
    journal={IEEE Transactions on Signal Processing},   
    title={Fractional Programming for Communication Systems—Part I: Power Control and Beamforming},   
    year={2018},  
    volume={66},  
    number={10},  
    pages={2616-2630},  
    doi={10.1109/TSP.2018.2812733}
}