@article{wu2019IRS,
	author={Qingqing Wu and Rui Zhang},
	year={2019},
	title={Intelligent reflecting surface enhanced wireless network via joint active and passive beamforming},
	journal={IEEE Transactions on Wireless Communications},
	volume={18},
	number={11},
	pages={5394-5409}
}
@inproceedings{guo2019WSR,
	author={Huayan Guo and Ying-Chang Liang and Jie Chen and Erik G. Larsson},
	year={2019},
	title={Weighted sum-rate maximization for intelligent reflecting surface enhanced wireless networks},
	booktitle={2019 IEEE Global Communications Conference (GLOBECOM)},
	publisher={IEEE},
	pages={1-6}
}

@ARTICLE{liu2020RIS,  
	author={Liu, Yuanwei and Liu, Xiao and Mu, Xidong and Hou, Tianwei and Xu, Jiaqi and Di Renzo, Marco and Al-Dhahir, Naofal},  
	journal={IEEE Communications Surveys Tutorials},   
	title={Reconfigurable Intelligent Surfaces: Principles and Opportunities},   
	year={2021},  
	volume={},  
	number={},  
	pages={1-1},  
	doi={10.1109/COMST.2021.3077737}
	}

@inproceedings{liu2018beamforming,
	author={Fan Liu and Christos Masouros and Ang Li and Jianming Zhou and Lajos Hanzo},
	year={2018},
	title={Simultaneous target detection and multi-user communications enabled by joint beamforming},
	booktitle={2018 IEEE Radar Conference (RadarConf18)},
	publisher={IEEE},
	pages={89}
}
@inproceedings{Hassanien2018,
	author={Aboulnasr Hassanien and Braham Himed and Moeness G. Amin},
	year={2018},
	title={Transmit/receive beamforming design for joint radar and communication systems},
	booktitle={2018 IEEE Radar Conference (RadarConf18)},
	publisher={IEEE},
	pages={1481-1486}
}
@article{liu2020beamforming,
	author={Xiang Liu and Tianyao Huang and Nir Shlezinger and Yimin Liu and Jie Zhou and Yonina C. Eldar},
	year={2020},
	title={Joint transmit beamforming for multiuser MIMO communications and MIMO radar},
	journal={IEEE Transactions on Signal Processing},
	volume={68},
	pages={3929-3944}
}
@article{xu2020tradeoff,
	author={Chengcheng Xu and Bruno Clerckx and Jianyun Zhang},
	year={2020},
	title={Multi-Antenna Joint Radar and Communications: Precoder Optimization and Weighted Sum-Rate vs Probing Power Tradeoff},
	journal={IEEE Access},
	volume={8},
	pages={173974-173982}
}
@article{Hassanien2019DFRC,
	author={Aboulnasr Hassanien and Moeness G. Amin and Elias Aboutanios and Braham Himed},
	year={2019},
	title={Dual-function radar communication systems: A solution to the spectrum congestion problem},
	journal={IEEE Signal Processing Magazine},
	volume={36},
	number={5},
	pages={115-126}
}
@article{feng2020survey,
	author={Zhiyong Feng and Zixi Fang and Zhiqing Wei and Xu Chen and Zhi Quan and Danna Ji},
	year={2020},
	title={Joint radar and communication: A survey},
	journal={China Communications},
	volume={17},
	number={1},
	pages={1-27}
}
@article{liu2020tutorial,
	author={Fan Liu and Christos Masouros},
	year={2020},
	title={A tutorial on joint radar and communication transmission for vehicular networks-part I: Background and fundamentals},
	journal={IEEE Communications Letters}
}
@article{liu2020road,
	author={Fan Liu and Christos Masouros and Athina P. Petropulu and Hugh Griffiths and Lajos Hanzo},
	year={2020},
	title={Joint radar and communication design: Applications, state-of-the-art, and the road ahead},
	journal={IEEE Transactions on Communications},
	volume={68},
	number={6},
	pages={3834-3862}
}

@article{christensen2008weighted,
  title={Weighted sum-rate maximization using weighted MMSE for MIMO-BC beamforming design},
  author={Christensen, S{\o}ren Skovgaard and Agarwal, Rajiv and De Carvalho, Elisabeth and Cioffi, John M},
  journal={IEEE Transactions on Wireless Communications},
  volume={7},
  number={12},
  pages={4792--4799},
  year={2008},
  publisher={IEEE}
}

@article{shen2018fractional,
  title={Fractional programming for communication systems—Part I: Power control and beamforming},
  author={Shen, Kaiming and Yu, Wei},
  journal={IEEE Transactions on Signal Processing},
  volume={66},
  number={10},
  pages={2616--2630},
  year={2018},
  publisher={IEEE}
}

@misc{cvx,
  author       = {Michael Grant and Stephen Boyd},
  title        = {{CVX}: Matlab Software for Disciplined Convex Programming, version 2.1},
  howpublished = {\url{http://cvxr.com/cvx}},
  month        = mar,
  year         = 2014
}

@article{shen2018fractional2,
  title={Fractional programming for communication systems—Part II: Uplink scheduling via matching},
  author={Shen, Kaiming and Yu, Wei},
  journal={IEEE Transactions on Signal Processing},
  volume={66},
  number={10},
  pages={2631--2644},
  year={2018},
  publisher={IEEE}
}

@ARTICLE{jiang2021dfrc,
  author={Jiang, Zheng-Ming and Rihan, Mohamed and Zhang, Peichang and Huang, Lei and Deng, Qijun and Zhang, Jihong and Mohamed, Ehab Mahmoud},
  journal={IEEE Systems Journal}, 
  title={Intelligent Reflecting Surface Aided Dual-Function Radar and Communication System}, 
  year={2021},
  volume={},
  number={},
  pages={1-12},
  doi={10.1109/JSYST.2021.3057400}}


@ARTICLE{guo2020ris,
author={H. Guo and Y.-C. Liang and J. Chen and E. G. Larsson},
journal={IEEE Trans. Wireless Commun.},
title={Weighted Sum-Rate Maximization for Reconfigurable Intelligent Surface Aided Wireless Networks},
volume = {19}, number = {5}, pages = {3064-3076}, ISSN = {1558-2248}, DOI = {10.1109/TWC.2020.2970061}, year = {2020}, type = {Journal Article} }

@techreport{3gpp.36.814, 
	author = {3GPP},  
	institution = {{3rd Generation Partnership Project (3GPP)}},  
	number = {36.814}, 
	title = {{Evolved Universal Terrestrial Radio Access (E-UTRA); Further advancements for E-UTRA physical layer aspects}}, 
	type = {Technical Specification (TS)}, 
	url = {https://portal.3gpp.org/desktopmodules/Specifications/SpecificationDetails.aspx?specificationId=2493}, 
	year = {2015}
}


@article{shen2020modeling,
  title={Modeling and Architecture Design of Intelligent Reflecting Surfaces using Scattering Parameter Network Analysis},
  author={Shen, Shanpu and Clerckx, Bruno and Murch, Ross},
  journal={arXiv preprint arXiv:2011.11362},
  year={2020}
}

@article{luo2010semidefinite,
  title={Semidefinite relaxation of quadratic optimization problems},
  author={Luo, Zhi-Quan and Ma, Wing-Kin and So, Anthony Man-Cho and Ye, Yinyu and Zhang, Shuzhong},
  journal={IEEE Signal Processing Magazine},
  volume={27},
  number={3},
  pages={20--34},
  year={2010},
  publisher={IEEE}
}

@book{tse2005fundamentals,
  title={Fundamentals of wireless communication},
  author={Tse, David and Viswanath, Pramod},
  year={2005},
  publisher={Cambridge university press}
}

@article{stoica2007probing,
  title={On probing signal design for MIMO radar},
  author={Stoica, Petre and Li, Jian and Xie, Yao},
  journal={IEEE Transactions on Signal Processing},
  volume={55},
  number={8},
  pages={4151--4161},
  year={2007},
  publisher={IEEE}
}

@article{schmidt1986multiple,
  title={Multiple emitter location and signal parameter estimation},
  author={Schmidt, Ralph},
  journal={IEEE transactions on antennas and propagation},
  volume={34},
  number={3},
  pages={276--280},
  year={1986},
  publisher={IEEE}
}

@article{wang2021joint,
  title={Joint Waveform Design and Passive Beamforming for RIS-Assisted Dual-functional Radar-Communication System},
  author={Wang, Xinyi and Fei, Zesong and Zheng, Zhong and Guo, Jing},
  journal={IEEE Transactions on Vehicular Technology},
  year={2021},
  publisher={IEEE}
}

@article{wang2020ris,
  title={RIS-assisted spectrum sharing between MIMO radar and MU-MISO communication systems},
  author={Wang, Xinyi and Fei, Zesong and Guo, Jing and Zheng, Zhong and Li, Bin},
  journal={IEEE Wireless Communications Letters},
  volume={10},
  number={3},
  pages={594--598},
  year={2020},
  publisher={IEEE}
}

@article{huang2020reconfigurable,
  title={Reconfigurable intelligent surface assisted multiuser MISO systems exploiting deep reinforcement learning},
  author={Huang, Chongwen and Mo, Ronghong and Yuen, Chau},
  journal={IEEE Journal on Selected Areas in Communications},
  volume={38},
  number={8},
  pages={1839--1850},
  year={2020},
  publisher={IEEE}
}

@inproceedings{taha2020deep,
  title={Deep reinforcement learning for intelligent reflecting surfaces: Towards standalone operation},
  author={Taha, Abdelrahman and Zhang, Yu and Mismar, Faris B and Alkhateeb, Ahmed},
  booktitle={2020 IEEE 21st International Workshop on Signal Processing Advances in Wireless Communications (SPAWC)},
  pages={1--5},
  year={2020},
  organization={IEEE}
}


@article{rihan2018optimum,
  title={Optimum co-design of spectrum sharing between MIMO radar and MIMO communication systems: An interference alignment approach},
  author={Rihan, Mohamed and Huang, Lei},
  journal={IEEE Transactions on Vehicular Technology},
  volume={67},
  number={12},
  pages={11667--11680},
  year={2018},
  publisher={IEEE}
}


@article{qian2018joint,
  title={Joint system design for coexistence of MIMO radar and MIMO communication},
  author={Qian, Junhui and Lops, Marco and Zheng, Le and Wang, Xiaodong and He, Zishu},
  journal={IEEE Transactions on Signal Processing},
  volume={66},
  number={13},
  pages={3504--3519},
  year={2018},
  publisher={IEEE}
}

@article{li2016optimum,
  title={Optimum co-design for spectrum sharing between matrix completion based MIMO radars and a MIMO communication system},
  author={Li, Bo and Petropulu, Athina P and Trappe, Wade},
  journal={IEEE Transactions on Signal Processing},
  volume={64},
  number={17},
  pages={4562--4575},
  year={2016},
  publisher={IEEE}
}

@article{li2017joint,
  title={Joint transmit designs for coexistence of MIMO wireless communications and sparse sensing radars in clutter},
  author={Li, Bo and Petropulu, Athina P},
  journal={IEEE Transactions on Aerospace and Electronic Systems},
  volume={53},
  number={6},
  pages={2846--2864},
  year={2017},
  publisher={IEEE}
}

@article{liu2018mimo,
  title={MIMO radar and cellular coexistence: A power-efficient approach enabled by interference exploitation},
  author={Liu, Fan and Masouros, Christos and Li, Ang and Ratnarajah, Tharmalingam and Zhou, Jianming},
  journal={IEEE Transactions on Signal Processing},
  volume={66},
  number={14},
  pages={3681--3695},
  year={2018},
  publisher={IEEE}
}

@inproceedings{sodagari2012projection,
  title={A projection based approach for radar and telecommunication systems coexistence},
  author={Sodagari, Shabnam and Khawar, Awais and Clancy, T Charles and McGwier, Robert},
  booktitle={2012 IEEE Global Communications Conference (GLOBECOM)},
  pages={5010--5014},
  year={2012},
  organization={IEEE}
}

@article{mahal2017spectral,
  title={Spectral coexistence of MIMO radar and MIMO cellular system},
  author={Mahal, Jasmin A and Khawar, Awais and Abdelhadi, Ahmed and Clancy, T Charles},
  journal={IEEE Transactions on Aerospace and Electronic Systems},
  volume={53},
  number={2},
  pages={655--668},
  year={2017},
  publisher={IEEE}
}

@article{deng2013interference,
  title={Interference mitigation processing for spectrum-sharing between radar and wireless communications systems},
  author={Deng, Hai and Himed, Braham},
  journal={IEEE Transactions on Aerospace and Electronic Systems},
  volume={49},
  number={3},
  pages={1911--1919},
  year={2013},
  publisher={IEEE}
}

@inproceedings{meager2016estimation,
  title={Estimation and cancellation of high powered radar interference for communication signal collection},
  author={Meager, Geoffrey and Romero, Ric A and Staples, Zachary},
  booktitle={2016 IEEE Radar Conference (RadarConf)},
  pages={1--4},
  year={2016},
  organization={IEEE}
}

@inproceedings{nartasilpa2018let,
  title={Let's share CommRad: Co-existing communications and radar systems},
  author={Nartasilpa, Narueporn and Shahi, Sara and Salim, Ahmad and Tuninetti, Daniela and Devroye, Natasha and Erricolo, Danilo and Zilz, David P and Bell, Mark R},
  booktitle={2018 IEEE Radar Conference (RadarConf18)},
  pages={1278--1283},
  year={2018},
  organization={IEEE}
}

@article{lu2021intelligent,
  title={Intelligent reflecting surface-enhanced target detection in MIMO radar},
  author={Lu, Wei and Deng, Bin and Fang, Qiqing and Wen, Xiaoqiao and Peng, Shixin},
  journal={IEEE Sensors Letters},
  volume={5},
  number={2},
  pages={1--4},
  year={2021},
  publisher={IEEE}
}

@article{aubry2021reconfigurable,
  title={Reconfigurable Intelligent Surfaces for N-LOS Radar Surveillance},
  author={Aubry, Augusto and De Maio, Antonio and Rosamilia, Massimo},
  journal={arXiv preprint arXiv:2104.00456},
  year={2021}
}

@article{buzzi2021radar,
  title={Radar Target Detection aided by Reconfigurable Intelligent Surfaces},
  author={Buzzi, Stefano and Grossi, Emanuele and Lops, Marco and Venturino, Luca},
  journal={IEEE Signal Processing Letters},
  year={2021},
  publisher={IEEE}
}

@article{buzzi2021foundations,
  title={Foundations of MIMO Radar Detection Aided by Reconfigurable Intelligent Surfaces},
  author={Buzzi, Stefano and Grossi, Emanuele and Lops, Marco and Venturino, Luca},
  journal={arXiv preprint arXiv:2105.09250},
  year={2021}
}

@article{liu2020deep,
  title={Deep denoising neural network assisted compressive channel estimation for mmWave intelligent reflecting surfaces},
  author={Liu, Shicong and Gao, Zhen and Zhang, Jun and Di Renzo, Marco and Alouini, Mohamed-Slim},
  journal={IEEE Transactions on Vehicular Technology},
  volume={69},
  number={8},
  pages={9223--9228},
  year={2020},
  publisher={IEEE}
}

@article{elbir2020deep,
  title={Deep channel learning for large intelligent surfaces aided mm-wave massive MIMO systems},
  author={Elbir, Ahmet M and Papazafeiropoulos, Anastasios and Kourtessis, Pandelis and Chatzinotas, Symeon},
  journal={IEEE Wireless Communications Letters},
  volume={9},
  number={9},
  pages={1447--1451},
  year={2020},
  publisher={IEEE}
}

@book{clerckx2013mimo,
  title={MIMO wireless networks: channels, techniques and standards for multi-antenna, multi-user and multi-cell systems},
  author={Clerckx, Bruno and Oestges, Claude},
  year={2013},
  publisher={Academic Press}
}